@book{cristianini2000introduction,
  title={An introduction to support vector machines and other kernel-based learning methods},
  author={Cristianini, Nello and Shawe-Taylor, John},
  year={2000},
  publisher={Cambridge university press}
}

@misc{noaa,
  author = {National Centers for Environmental Information},
  title = {{Climate Data Online}},
  howpublished = "\url{https://www.ncdc.noaa.gov/cdo-web/}",
  year = {2018}, 
  note = "[Online; accessed 2018]"
}

@article{altman1992introduction,
  title={An introduction to kernel and nearest-neighbor nonparametric regression},
  author={Altman, Naomi S},
  journal={The American Statistician},
  volume={46},
  number={3},
  pages={175--185},
  year={1992},
  publisher={Taylor \& Francis}
}

@article{breiman2001random,
  title={Random forests},
  author={Breiman, Leo},
  journal={Machine learning},
  volume={45},
  number={1},
  pages={5--32},
  year={2001},
  publisher={Springer}
}

@article{priestley1981spectral,
  title={Spectral analysis and time series},
  author={Priestley, Maurice Bertram},
  year={1981},
  publisher={Academic press}
}